<?xml version="1.0" encoding="UTF-8"?><collection><record><leader>05094ntm a2200565 a 4500</leader><controlfield tag="001">006813431</controlfield><controlfield tag="003">MiAaHDL</controlfield><controlfield tag="005">20190719000000.0</controlfield><controlfield tag="006">m        d        </controlfield><controlfield tag="007">cr bn ---auaua</controlfield><controlfield tag="008">090605s1599    xx            00| ||ara d</controlfield><datafield tag="035" ind1=" " ind2=" "><subfield code="a">(MiU)006813431</subfield></datafield><datafield tag="035" ind1=" " ind2=" "><subfield code="a">sdr-miu006813431</subfield></datafield><datafield tag="040" ind1=" " ind2=" "><subfield code="a">MiU</subfield><subfield code="c">MiU</subfield><subfield code="e">amremm</subfield></datafield><datafield tag="043" ind1=" " ind2=" "><subfield code="a">n-us-mi</subfield></datafield><datafield tag="100" ind1="1" ind2=" "><subfield code="6">880-01</subfield><subfield code="a">Ibn al-Ajdābī, Ibrāhīm ibn Ismāʻīl,</subfield><subfield code="d">-1077.</subfield></datafield><datafield tag="240" ind1="1" ind2="0"><subfield code="6">880-02</subfield><subfield code="a">Kifāyat al-mutaḥaffiẓ wa-nihāyat al-mutalaffiẓ fī al-lughah al-ʻArabīyah</subfield></datafield><datafield tag="245" ind1="1" ind2="0"><subfield code="6">880-03</subfield><subfield code="a">Kitāb Kifāyat al-mutaḥaffiẓ fī al-lughah,</subfield><subfield code="f">[1008, i.e. 1599].</subfield></datafield><datafield tag="260" ind1=" " ind2=" "><subfield code="c">[1599].</subfield></datafield><datafield tag="300" ind1=" " ind2=" "><subfield code="a">28 leaves :</subfield><subfield code="b">paper ;</subfield><subfield code="c">209 x 141 (145 x 63) mm. bound to [204] x 152 mm.</subfield></datafield><datafield tag="500" ind1=" " ind2=" "><subfield code="a">Shelfmark: Ann Arbor, University of Michigan, Special Collections Library, Isl. Ms. 615</subfield></datafield><datafield tag="500" ind1=" " ind2=" "><subfield code="a">Origin: As appears in colophon on p.50, transcription completed Rabīʻ II 1008 [November 1599].</subfield></datafield><datafield tag="500" ind1=" " ind2=" "><subfield code="a">Accompanying materials: a. Acquisitions slip from Yahuda.</subfield></datafield><datafield tag="500" ind1=" " ind2=" "><subfield code="a">Former shelfmark: From lower cover label and spine label, "IL 305" (likely supplied by Yahuda, see acquisitions slip).</subfield></datafield><datafield tag="500" ind1=" " ind2=" "><subfield code="a">Binding: Thin boards covered in pieced coated paper (dark pink/mauve and white, mottled with sponge painted or faux marbled look) with dark blue cloth over spine ; Type III binding (without flap) ; board linings in untinted paper ; sewn in light pink thread, two stations ; overall in fair condition with some abrasion ; textblock likely never attached to cover, which is quite ill-fitting and serves as a wrapper.</subfield></datafield><datafield tag="500" ind1=" " ind2=" "><subfield code="a">Support: European laid paper with 8 laid lines per cm. (vertical), chain lines spaced 28-30 mm. apart (horizontal), anchor in circle with leaf above watermark (see p.2, 40, etc.) and "T B" under trefoil countermark (see p.36, etc.).</subfield></datafield><datafield tag="500" ind1=" " ind2=" "><subfield code="a">Decoration: Keywords and section headings rubricated.</subfield></datafield><datafield tag="500" ind1=" " ind2=" "><subfield code="a">Script: Naskh ; angular 'Syrian' or Turkish hand in a narrow line ; virtually serifless with many closed counters, pointing in strokes rather than distinct dots, rounded, kāf mashqūqah preferred, etc.</subfield></datafield><datafield tag="500" ind1=" " ind2=" "><subfield code="a">Layout: Written in 23 lines per page ; frame-ruled.</subfield></datafield><datafield tag="500" ind1=" " ind2=" "><subfield code="a">Collation: 2 V(20), III (26), I (28) ; two quinions, ternion and single bifolium ; final three leaves left blank ; catchwords present ; pagination in pencil, Western numerals, supplied during digitization.</subfield></datafield><datafield tag="500" ind1=" " ind2=" "><subfield code="a">Colophon: "Scribal," triangular, reads "تم كتاب كفاية المتحفظ في اللغة في اواخر شهر ربيع الثاني من شهور سنة ثمان بعد الالف من الهجرة النبوية"</subfield></datafield><datafield tag="500" ind1=" " ind2=" "><subfield code="a">Explicit: "والذبالة الفتيلة وجمعها ذبال وهي الشعيلة ايضا وجمعها شعائل والله اعلم"</subfield></datafield><datafield tag="500" ind1=" " ind2=" "><subfield code="a">Incipit: "الحمد لله رب العالمين وصلى الله على محمد خاتم النبيين وعلى اله وصحبه اجمعين هذا كتاب مختصر في اللغة وما يحتاج اليه من غريب الكلام اودعناه كثيرا من الاسماء والصفات وجنبناه وحشي الالفاظ واللغات ..."</subfield></datafield><datafield tag="500" ind1=" " ind2=" "><subfield code="a">Title from 'title page' (p.1) and colophon (p.50).</subfield></datafield><datafield tag="500" ind1=" " ind2=" "><subfield code="a">Ms. codex.</subfield></datafield><datafield tag="510" ind1="4" ind2=" "><subfield code="a">Brockelmann, C. GAL,</subfield><subfield code="c">I 308 ; S I 541</subfield></datafield><datafield tag="520" ind1="8" ind2=" "><subfield code="a">Fine copy of the popular lexicographical compendium by the Arab philologist Ibn al-Ajdābī (Abū Isḥāq Ibrāhīm ibn Ismāʻīl ibn Aḥmad ibn ʻAbd Allāh al-Ṭarābulusī, d.before 1203? or 1257?).</subfield></datafield><datafield tag="538" ind1=" " ind2=" "><subfield code="a">Mode of access: Internet.</subfield></datafield><datafield tag="541" ind1=" " ind2=" "><subfield code="a">Acquired in 1926 from the bookseller Isaac Benjamin S.E. Yahuda via purchase transacted on his behalf by Abraham Shalom Yahuda (1877-1951), his younger brother.</subfield></datafield><datafield tag="546" ind1=" " ind2=" "><subfield code="a">Arabic.</subfield></datafield><datafield tag="561" ind1=" " ind2=" "><subfield code="a">Former owners' marks include two ownership statements and two circular seal impressions on 'title page' (p.1), one statement nearly effaced, the other (dated 1319 [1901 or 2]) in name of Ḥasan ibn [?] Muḥammad al-Rizq Ḥamawī (حسن ابن محمد الرزق حموى ) who purchased the book from al-Shaykh Aḥmad (compare statements in Isl. Ms. 500, 619, and 623) ; ownership statement at close on p.50 in name of al-Sayyid ʻUmar al-Kīlānī (السيد عمر الكيلاني) ; rare marginal correction (see p.28).</subfield></datafield><datafield tag="650" ind1=" " ind2="0"><subfield code="a">Manuscripts, Arabic</subfield><subfield code="z">Michigan</subfield><subfield code="z">Ann Arbor.</subfield></datafield><datafield tag="650" ind1=" " ind2="0"><subfield code="a">Arabic language</subfield><subfield code="x">Lexicography</subfield><subfield code="v">Early works to 1800.</subfield></datafield><datafield tag="650" ind1=" " ind2="0"><subfield code="a">Arabic language</subfield><subfield code="v">Glossaries, vocabularies, etc.</subfield><subfield code="v">Early works to 1800.</subfield></datafield><datafield tag="700" ind1="0" ind2=" "><subfield code="6">880-07</subfield><subfield code="a">Ḥasan al-Rizq,</subfield><subfield code="d">fl. 1896,</subfield><subfield code="e">former owner.</subfield></datafield><datafield tag="773" ind1="0" ind2=" "><subfield code="a">Yahuda Collection.</subfield></datafield><datafield tag="880" ind1="0" ind2=" "><subfield code="6">700-07/</subfield><subfield code="a">حسن الرزق،</subfield><subfield code="e">مالك سابق.</subfield></datafield><datafield tag="880" ind1="1" ind2="0"><subfield code="6">245-03/</subfield><subfield code="a">كتاب كفاية المتحفظ في اللغة,</subfield><subfield code="f">[1008ه، 1599م].</subfield></datafield><datafield tag="880" ind1="1" ind2="0"><subfield code="6">240-02/</subfield><subfield code="a">كفاية المتحفظ ونهاية المتلفظ في اللغة العربية</subfield></datafield><datafield tag="880" ind1="1" ind2=" "><subfield code="6">100-01/</subfield><subfield code="a">ابن الاجدابي، ابراهيم بن اسماعيل.</subfield></datafield><datafield tag="CID" ind1=" " ind2=" "><subfield code="a">006813431</subfield></datafield><datafield tag="DAT" ind1="0" ind2=" "><subfield code="a">20190719102638.0</subfield><subfield code="b">20190719000000.0</subfield></datafield><datafield tag="DAT" ind1="1" ind2=" "><subfield code="a">20190719090653.0</subfield><subfield code="b">2019-07-19T16:11:58Z</subfield></datafield><datafield tag="DAT" ind1="2" ind2=" "><subfield code="a">2015-10-02T18:00:03Z</subfield></datafield><datafield tag="CAT" ind1=" " ind2=" "><subfield code="a">SDR-MIU</subfield><subfield code="d">EX LIBRIS - ALEPH</subfield><subfield code="l">prepare.pl-004-008</subfield></datafield><datafield tag="FMT" ind1=" " ind2=" "><subfield code="a">BK</subfield></datafield><datafield tag="HOL" ind1=" " ind2=" "><subfield code="0">sdr-miu006813431</subfield><subfield code="a">MiU</subfield><subfield code="b">SDR</subfield><subfield code="c">MIU</subfield><subfield code="p">mdp.39015079128297</subfield><subfield code="s">MIU</subfield><subfield code="1">006813431</subfield></datafield><datafield tag="974" ind1=" " ind2=" "><subfield code="b">MIU</subfield><subfield code="c">MIU</subfield><subfield code="d">20190719</subfield><subfield code="s">lit-dlps-dc</subfield><subfield code="u">mdp.39015079128297</subfield><subfield code="y">1599</subfield><subfield code="r">pd</subfield><subfield code="q">bib</subfield><subfield code="t">non-US bib date1 &lt; 1896</subfield></datafield></record></collection>